%YAML 1.1
%TAG !u! tag:unity3d.com,2011:
--- !u!243 &-9178834109950931210
AudioMixerGroupController:
  m_ObjectHideFlags: 0
  m_CorrespondingSourceObject: {fileID: 0}
  m_PrefabInstance: {fileID: 0}
  m_PrefabAsset: {fileID: 0}
  m_Name: Music
  m_AudioMixer: {fileID: 24100000}
  m_GroupID: d34857bdf1575b3419cbebd11b040d96
  m_Children: []
  m_Volume: b78a5fb79f8aaab4499c4aa1d73ede17
  m_Pitch: 5aac712bb9b9bb840ac004684c90b2d2
  m_Send: 00000000000000000000000000000000
  m_Effects:
  - {fileID: 157531090172792144}
  - {fileID: 2451195928084899689}
  m_UserColorIndex: 0
  m_Mute: 0
  m_Solo: 0
  m_BypassEffects: 0
--- !u!243 &-9072815761107797019
AudioMixerGroupController:
  m_ObjectHideFlags: 0
  m_CorrespondingSourceObject: {fileID: 0}
  m_PrefabInstance: {fileID: 0}
  m_PrefabAsset: {fileID: 0}
  m_Name: SFX
  m_AudioMixer: {fileID: 24100000}
  m_GroupID: 17bac105add48c24aa56550282141cb9
  m_Children: []
  m_Volume: 58d37d5988e6b4e4e991d03aaac98283
  m_Pitch: 63c9b76e6da99f645bd31892b9cdd3ec
  m_Send: 00000000000000000000000000000000
  m_Effects:
  - {fileID: -7114818525809902811}
  - {fileID: 8313480356378971559}
  m_UserColorIndex: 0
  m_Mute: 0
  m_Solo: 0
  m_BypassEffects: 0
--- !u!244 &-7114818525809902811
AudioMixerEffectController:
  m_ObjectHideFlags: 3
  m_CorrespondingSourceObject: {fileID: 0}
  m_PrefabInstance: {fileID: 0}
  m_PrefabAsset: {fileID: 0}
  m_Name: 
  m_EffectID: ac704efd64703b04990b457c8b816e08
  m_EffectName: Attenuation
  m_MixLevel: b80756c67d4eb614fbef3163ba5f6dee
  m_Parameters: []
  m_SendTarget: {fileID: 0}
  m_EnableWetMix: 0
  m_Bypass: 0
--- !u!241 &24100000
AudioMixerController:
  m_ObjectHideFlags: 0
  m_CorrespondingSourceObject: {fileID: 0}
  m_PrefabInstance: {fileID: 0}
  m_PrefabAsset: {fileID: 0}
  m_Name: AudioMixer
  m_OutputGroup: {fileID: 0}
  m_MasterGroup: {fileID: 24300002}
  m_Snapshots:
  - {fileID: 24500006}
  m_StartSnapshot: {fileID: 24500006}
  m_SuspendThreshold: -80
  m_EnableSuspend: 1
  m_UpdateMode: 0
  m_ExposedParameters:
  - guid: b78a5fb79f8aaab4499c4aa1d73ede17
    name: music
  - guid: 58d37d5988e6b4e4e991d03aaac98283
    name: sfx
  m_AudioMixerGroupViews:
  - guids:
    - 6d52052bf21c5664e809ced802cebeb3
    - d34857bdf1575b3419cbebd11b040d96
    - 17bac105add48c24aa56550282141cb9
    name: View
  m_CurrentViewIndex: 0
  m_TargetSnapshot: {fileID: 24500006}
--- !u!243 &24300002
AudioMixerGroupController:
  m_ObjectHideFlags: 0
  m_CorrespondingSourceObject: {fileID: 0}
  m_PrefabInstance: {fileID: 0}
  m_PrefabAsset: {fileID: 0}
  m_Name: Master
  m_AudioMixer: {fileID: 24100000}
  m_GroupID: 6d52052bf21c5664e809ced802cebeb3
  m_Children:
  - {fileID: -9178834109950931210}
  - {fileID: -9072815761107797019}
  m_Volume: d4e0230af7137b345a6448ab18a0a575
  m_Pitch: 1b0c5ca317125bf49b5307bb1866e5df
  m_Send: 00000000000000000000000000000000
  m_Effects:
  - {fileID: 24400004}
  m_UserColorIndex: 0
  m_Mute: 0
  m_Solo: 0
  m_BypassEffects: 0
--- !u!244 &24400004
AudioMixerEffectController:
  m_ObjectHideFlags: 3
  m_CorrespondingSourceObject: {fileID: 0}
  m_PrefabInstance: {fileID: 0}
  m_PrefabAsset: {fileID: 0}
  m_Name: 
  m_EffectID: a0b36ced7e7b42f4fa30f4bd8b4e2cc2
  m_EffectName: Attenuation
  m_MixLevel: 1706f56a6d0fc2249a91ed92c25eab56
  m_Parameters: []
  m_SendTarget: {fileID: 0}
  m_EnableWetMix: 0
  m_Bypass: 0
--- !u!245 &24500006
AudioMixerSnapshotController:
  m_ObjectHideFlags: 0
  m_CorrespondingSourceObject: {fileID: 0}
  m_PrefabInstance: {fileID: 0}
  m_PrefabAsset: {fileID: 0}
  m_Name: Snapshot
  m_AudioMixer: {fileID: 24100000}
  m_SnapshotID: 7dd4effde266f74409cf09841f003310
  m_FloatValues:
    ff1e451231af24143b4d07e487fe58c2: -13.600001
  m_TransitionOverrides: {}
--- !u!244 &157531090172792144
AudioMixerEffectController:
  m_ObjectHideFlags: 3
  m_CorrespondingSourceObject: {fileID: 0}
  m_PrefabInstance: {fileID: 0}
  m_PrefabAsset: {fileID: 0}
  m_Name: 
  m_EffectID: a1c829a0799f47c44ae4d4f0aa016e38
  m_EffectName: Attenuation
  m_MixLevel: 18d8430d1ebfc8f4eae30e349a688003
  m_Parameters: []
  m_SendTarget: {fileID: 0}
  m_EnableWetMix: 0
  m_Bypass: 0
--- !u!244 &2451195928084899689
AudioMixerEffectController:
  m_ObjectHideFlags: 3
  m_CorrespondingSourceObject: {fileID: 0}
  m_PrefabInstance: {fileID: 0}
  m_PrefabAsset: {fileID: 0}
  m_Name: 
  m_EffectID: dbb78d8d560095740b8f5b1b62dba21a
  m_EffectName: Duck Volume
  m_MixLevel: 0df3a5e6e47bb4c44814e647b6d01d5c
  m_Parameters:
  - m_ParameterName: Threshold
    m_GUID: 997ae74eb87e20b44a3a65cc8791cce5
  - m_ParameterName: Ratio
    m_GUID: 3253982d906253042b120d2a7b3a614c
  - m_ParameterName: Attack Time
    m_GUID: 1e406c01c2e683149912462ff93df521
  - m_ParameterName: Release Time
    m_GUID: b4923d89d4831e24e89b3093eb30d659
  - m_ParameterName: Make-up Gain
    m_GUID: 71fea1dccbfc8974c996a36504e39843
  - m_ParameterName: Knee
    m_GUID: acb0b58ad6948724bb32b4914dc4f1a3
  - m_ParameterName: Sidechain Mix
    m_GUID: 15911483c28d26e4d950e467b68b5ae4
  m_SendTarget: {fileID: 0}
  m_EnableWetMix: 0
  m_Bypass: 0
--- !u!244 &8313480356378971559
AudioMixerEffectController:
  m_ObjectHideFlags: 3
  m_CorrespondingSourceObject: {fileID: 0}
  m_PrefabInstance: {fileID: 0}
  m_PrefabAsset: {fileID: 0}
  m_Name: 
  m_EffectID: 3012b7b00c34d71409a1a6b87b45aa37
  m_EffectName: Send
  m_MixLevel: c787368bdc8cca84c85c01fdedc39eea
  m_Parameters: []
  m_SendTarget: {fileID: 2451195928084899689}
  m_EnableWetMix: 0
  m_Bypass: 0
